<record xmlns:xsi="http://www.w3.org/2001/XMLSchema-instance" xmlns="http://www.loc.gov/MARC21/slim" xsi:schemaLocation="http://www.loc.gov/MARC21/slim http://www.loc.gov/standards/marcxml/schema/MARC21slim.xsd">

  <leader>00604nam a2200133Ia 4500</leader>
  <datafield ind1=" " tag="999" ind2=" ">
    <subfield code="c">1518</subfield>
    <subfield code="d">1518</subfield>
  </datafield>
  <controlfield tag="008">180222b2009    cr ||||| |||| 00| | spa d</controlfield>
  <datafield tag="090" ind1=" " ind2=" ">
    <subfield code="a">06.02.01 </subfield>
    <subfield code="b">2001</subfield>
  </datafield>
  <datafield ind2=" " tag="100" ind1="1">
    <subfield code="a">Navarro Valverde, Yirlanny</subfield>
    <subfield code="9">3362</subfield>
  </datafield>
  <datafield ind2="0" tag="245" ind1="1">
    <subfield code="a">Plan de los 200 días lectivos del Ministerio de Educación Pública de Costa Rica: la diversidad cultural como una forma de aprendizaje / </subfield>
    <subfield code="c">Yirlanny Navarro Valverde, Jazmín G. Agüero Castillo, compiladoras</subfield>
  </datafield>
  <datafield ind2=" " tag="260" ind1=" ">
    <subfield code="a">San José, Costa Rica. : </subfield>
    <subfield code="b">INIE. MEP. Instituto de Desarrollo Profesional Uladislao Gámez Solano, </subfield>
    <subfield code="c">2009</subfield>
  </datafield>
  <datafield ind1=" " tag="300" ind2=" ">
    <subfield code="a">150 páginas</subfield>
  </datafield>
  <datafield ind2="4" tag="650" ind1="1">
    <subfield code="a">CAPACITACIÓN</subfield>
    <subfield code="9">729</subfield>
  </datafield>
  <datafield ind2="4" ind1="1" tag="650">
    <subfield code="a">DOCENTES</subfield>
    <subfield code="9">331</subfield>
  </datafield>
  <datafield ind1="1" tag="700" ind2=" ">
    <subfield code="9">3249</subfield>
    <subfield code="a">Agüero Castillo, Jazmín G.</subfield>
  </datafield>
  <datafield ind2=" " tag="942" ind1=" ">
    <subfield code="2">z</subfield>
    <subfield code="c">04</subfield>
  </datafield>
</record>